%%%% Modelo para bibliografia - bibtex!

%%%manuais
@manual{man:arw32008,
Author  = {William C. Skamarock and Joseph B. Klemp and Jimy Dudhia and David O. Gill and Dale M. Barker and Michael G. Duda and Xiang-Yu Huang and Wei Wang and Jordan G. Powers},
Title   = {A Description of the Advanced Research WRF Version 3},
Year    = "2008",
month   = "jun",
volume  =  "NCAR TECHNICAL NOTE: NCAR/TN--475+STR",
pages   = {125},
pagename = {p.},
intitution  = {National Center for Atmospheric Research},
address = {Boulder},
url = {http://www2.mmm.ucar.edu/wrf/users/docs/arw_v3.pdf},
urlaccessdate    = {02 abr. 2015}
}


@manual{man:MDTUFSM2015,
address={Santa Maria},
organization={UFSM-PRPGP. Universidade Federal de Santa Maria. Pr\'o-Reitoria de P\'os-Gradua{\c c}\~ao e Pesquisa},
org-short={UFSM-PRPGP},
pages={88},
edition = {},
publisher = {Editora da UFSM},
title={Manual de dissertações e teses},
subtitle={Estrutura e apresenta{\c c}{\~a}o de monografias, disserta{\c c}{\~o}es e teses},
year={2015},
url = {http://w3.ufsm.br/biblioteca/index.php/sib-ufsm/normas},
urlaccessdate    = {27 ago. 2017}
}



%%% TCC ou trabalhos de conclusão de curso em geral (especialização, relatorio de estagio, mestrado, doutorado)
@monography{ tcc:mintegui2014,
Author  = {Jéssica Melo Mintegui},
type    = {Trabalho de Conclusão de Curso},
Title   = {Avaliação das características multicamada de eventos de neve no sul do {B}rasil},
Year    = 2014,
school  = {Curso de Graduação em Meteorologia, Universidade Federal de Santa Maria},
org-short = {UFSM},
address = {Santa Maria},
pages   = {30},
pagename= {f.},
Note    = { }
}


%%% dissertação de mestrado
@mastersthesis{diss:anabor2004,
  title={An{\'a}lise descritiva dos distemas donvectivos de escala meso-$\alpha$ atrav{\'e}s das imagens de sat{\'e}lite GOES-8},
  author={Anabor, Vagner},
  type = {Mestrado em Sensoriamento Remoto},
  year={2004},
  school  = {Universidade Federal do Rio Grande do Sul},
org-short = {UFRGS},
address = {Porto Alegre},
pages   = {78},
pagename= {f.},
Note    = { }
  
}


%%% tese de doutorado


@phdthesis{ tese:anabor2008,
    Author  = {Vagner Anabor},
    type    = {Doutorado em Física},
    Subtitle = {propagação em série contra o escoamento em baixos níveis},
    Title   = {Sistemas Convectivos de Mesoescala no Sul da América do Sul},
    Year    = 2008,
    school  = {Universidade Federal de Santa Maria},
    org-short = {UFSM},
    address = {Santa Maria},
    pages   = {78},
    pagename= {f.},
    Note    = { }    
}



%%%% livro

@book{livro:aris1989,
  title={Vectors, tensors, and the basic equations of fluid mechanics},
  author={Rutherford Aris},
  year={1989},
  address={New York},
  pages={286},
  publisher={Dover Publications}
}

%%%% livro de uma série

@book{livro:cotton1989,
  title={Storm and Cloud Dynamics},
  author={W. R. Cotton and R. A. Anthes},
  series ={International Geophysics Series},
  pages ={883},
  volume={44},
  year={1989},
  address ={San Diego},
  publisher={Academic Press}
}

%%%%% capítulo específico (autor da capitulo = autor do livro)

@inbook{cap:livro:djuric1994,
  title={Kinematics},
  booktitle={Weather analysis},
  author="Djuri{\'{c}}, Du\v{s}an",
  chapter={4},
  pages={50-68},
  year={1994},
  address = {New Jersey},
  publisher={Prentice Hall}
}


%%%%% capítulo específico (autor da capitulo != autor do livro ))


@incollection{ cap:livro:wyngaard1981,
    Author  = {J. C. Wyngaard},
    editor  = {F.T.M. Nieuwstadt And H. Von Dop},
    editortype= {Ed.},
    booktitle = {Atmospheric turbulence and air pollution modeling},
    Title   = {Boundary-Layer Modeling.},
    pages = {69-106},
    chapter = {3},
    Year    = 1981,
    edition = {},
    address = {Dordrecht},
    Publisher   = {D. Reidel Publishing Company},
    Note    = {}
}

%%%%% livros com diversos volumes

@book{livro:halliday28ed,
subtitle={gravitação, ondas e termodinâmica},
title ={Fundamentos da Física},
author={David Halliday and Robert Resnick and Jearl Walker},
edition={8},
year={2008},
address={Rio de Janeiro},
publisher={Livros Técnicos e Científicos S.A.},
note={{v}. 2, 296 p.}
}

@book{livro:fedorova:v1,
  title={Meteorologia sin{\'o}tica},
  author={Fedorova, Natalia},
  address={Pelotas},
  publisher ={Editora e Gráfica Universit{\'a}ria - UFPel},
  year={1999},
  note={{v}. 1, 256 p.}
}


@book{ livro:monin:v1,
    Author  = {A. S. Monin and A. M. Yaglom},
    title = {Statistical fluid mechanics},
    subtitle ={Mechanics of Turbulence},
    Year    = 2007,
    address = {London},
    publisher={Dover Publications},
    note={{v}. 1, 769 p.}
}


%%%% entrada para apud

@hidden{ apud:richardson1922,
    Author  = {L. F. Richardson},
    Title   = { prediction by numerical process},
    Year    = 1922,
    Publisher   = {Cambrigde University Press},
    address = {Cambrigde},
    pages={236},
    Note    = {}
}


%%% artigos em periódicos

@article{artigo:fujita1981,
  title={Tornadoes and downbursts in the context of generalized planetary scales},
  author={Fujita, T Theodore},
  journal={Journal of the Atmospheric Sciences},
  volume={38},
  number={8},
  pages={1511--1534},
  year={1981}
}


@article{artigo:janjic2002,
  title={Nonsingular implementation of the Mellor--Yamada level 2.5 scheme in the NCEP Meso model},
  author={Janji{\'c}, Zavi{\v{s}}a I},
  journal={NCEP office note},
  volume={437},
  pages={61},
  year={2002}
}

%%%% anais de eventos

@inproceedings{cbmet:anabor2012,
title = "Sistemas convectivos de mesoescala: serão todos {CCMs}?",
author = "Vagner Anabor and Vanessa Ferreira",
organization = {Congresso Brasileiro de Meteorologia},
conference-number ={17},
booktitle = "Anais eletr{\^o}nicos...",
publisher = "Sociedade Brasileira de Meteorologia",
address = "São Paulo",
conference-year = "2012",
conference-location = "Gramado",
year = "2012",
url = "http://www.sbmet.org.br/cbmet2012/pdfs/64ZA.pdf",
urlaccessdate = "10 abr. 2015"
}


@inproceedings{puhalesBLT2010,
title = "Analysis of the turbulent kinetic energy budget in the planetary boundary layer by large eddy simulation",
author = "Franciano Scremin Puhales and Ot{\'a}vio Costa Acevedo and Umberto Rizza and Gerv{\'a}sio Annes Degrazia and Osvaldo L. L. de Morais",
organization = {Symposium on Boundary Layers and Turbulence},
conference-number ={19},
booktitle = "Anais eletr{\^o}nicos...",
publisher = "American Meteorological Society",
address = "Boston",
conference-year = "2010",
conference-location = "Keystone",
pages = {},
year = "2010",
url = "http://ams.confex.com/ams/19Ag19BLT9Urban/techprogram/paper_173113.htm",
urlaccessdate = "10 mai. 2011"
}


%%%%% sites


@misc{site:wrfhome,
author="{MMM--UCAR}",
Title = {The Weather Research \& Forecasting Model},
subtitle = {Home},
publisher={Boulder},
year={2015},
url = {http://wrf-model.org/},
urlaccessdate={06 abr. 2015}
}


@misc{site:amsglo:fog,
 author="{AMERICAN METEOROLOGICAL SOCIETY}",
 title={Glossary of Meteorology},
 subtitle={Fog},
 publisher={Boston},
 year = {2015},
 url={http://glossary.ametsoc.org/wiki/Fog},
 urlaccessdate={06 abr 2015}
}



